<?xml version="1.0" encoding="UTF-8"?><collection xmlns="http://www.loc.gov/MARC21/slim"><record><leader>00524nam--2200181-i-4500</leader><controlfield tag="001">000039086</controlfield><controlfield tag="002">20161230</controlfield><controlfield tag="005">20161230201042</controlfield><controlfield tag="008">060222s1000------------r-----000-0-ger-d</controlfield><datafield ind1=" " ind2=" " tag="040"><subfield code="a">IFIN-HH</subfield></datafield><datafield ind1=" " ind2=" " tag="041"><subfield code="a">ger</subfield></datafield><datafield ind1=" " ind2=" " tag="080"><subfield code="a">519.2(043)</subfield></datafield><datafield ind1="1" ind2=" " tag="100"><subfield code="a">Riedwil,Hans</subfield></datafield><datafield ind1="1" ind2="0" tag="245"><subfield code="a">Approximation empirischer verteilungen unter einatz elektronischer rechengerate</subfield><subfield code="b">Innaugural-Dissertation</subfield><subfield code="c">Hans Riedwil</subfield></datafield><datafield ind1=" " ind2=" " tag="260"><subfield code="a">Bern, Druck Stampfli And Cie, 1964</subfield></datafield><datafield ind1=" " ind2=" " tag="300"><subfield code="a">118 P</subfield></datafield><datafield ind1=" " ind2=" " tag="852"><subfield code="a">77034</subfield><subfield code="c">519.2</subfield></datafield><datafield ind1=" " ind2=" " tag="CAT"><subfield code="a">Sys</subfield><subfield code="c">20100618</subfield><subfield code="h">110300</subfield></datafield></record></collection>